
@book{dirac,
    title={The Principles of Quantum Mechanics},
    author={Paul Adrien Maurice Dirac},
    isbn={9780198520115},
    series={International series of monographs on physics},
    year={1981},
    publisher={Clarendon Press},
}


@article{tilly_variational_2022,
	title = {The Variational Quantum Eigensolver: A review of methods and best practices},
	volume = {986},
	issn = {0370-1573},
	url = {https://www.sciencedirect.com/science/article/pii/S0370157322003118},
	doi = {10.1016/j.physrep.2022.08.003},
	series = {The Variational Quantum Eigensolver: a review of methods and best practices},
	shorttitle = {The Variational Quantum Eigensolver},
	pages = {1--128},
	journaltitle = {Physics Reports},
	shortjournal = {Physics Reports},
	author = {Tilly, Jules and Chen, Hongxiang and Cao, Shuxiang and Picozzi, Dario and Setia, Kanav and Li, Ying and Grant, Edward and Wossnig, Leonard and Rungger, Ivan and Booth, George H. and Tennyson, Jonathan},
	urldate = {2024-04-01},
	date = {2022-11-05},
}

@article{feynman_quantum_1986,
	title = {Quantum mechanical computers},
	volume = {16},
	issn = {1572-9516},
	url = {https://doi.org/10.1007/BF01886518},
	doi = {10.1007/BF01886518},
	pages = {507--531},
	number = {6},
	journaltitle = {Foundations of Physics},
	shortjournal = {Found Phys},
	author = {Feynman, Richard P.},
	urldate = {2024-03-19},
	date = {1986-06-01},
	langid = {english},
}

@inproceedings{nielsen_fermionic_2005,
	title = {The Fermionic canonical commutation relations and the Jordan-Wigner transform},
	url = {https://www.semanticscholar.org/paper/The-Fermionic-canonical-commutation-relations-and-Nielsen/18341dd1f056fdcad2ebf4ea2df59db522e041f6},
	author = {Nielsen, M.},
	urldate = {2024-03-19},
	date = {2005},
}

@misc{stechly_introduction_2024,
	title = {Introduction to Variational Quantum Algorithms},
	url = {http://arxiv.org/abs/2402.15879},
	doi = {10.48550/arXiv.2402.15879},
	number = {{arXiv}:2402.15879},
	publisher = {{arXiv}},
	author = {Stęchły, Michał},
	urldate = {2024-03-19},
	date = {2024-02-24},
	eprinttype = {arxiv},
	eprint = {2402.15879 [quant-ph]},
}

@article{gallimore_quantum_2023,
	title = {Quantum Computing for Heavy Quarkonium Spectroscopy},
	volume = {107},
	issn = {2470-0010, 2470-0029},
	url = {http://arxiv.org/abs/2202.03333},
	doi = {10.1103/PhysRevD.107.074012},
	pages = {074012},
	number = {7},
	journaltitle = {Physical Review D},
	shortjournal = {Phys. Rev. D},
	author = {Gallimore, Daniel and Liao, Jinfeng},
	urldate = {2024-02-26},
	date = {2023-04-13},
	eprinttype = {arxiv},
	eprint = {2202.03333 [nucl-th]},
}

@book{nielsen_quantum_2010,
	location = {Cambridge},
	edition = {10th anniversary edition},
	title = {Quantum computation and quantum information},
	isbn = {978-1-107-00217-3},
	publisher = {Cambridge university press},
	author = {Nielsen, Michael A. and Chuang, Isaac L.},
	date = {2010},
}

@misc{koch_fundamentals_2020,
	title = {Fundamentals In Quantum Algorithms: A Tutorial Series Using Qiskit Continued},
	url = {http://arxiv.org/abs/2008.10647},
	doi = {10.48550/arXiv.2008.10647},
	shorttitle = {Fundamentals In Quantum Algorithms},
	number = {{arXiv}:2008.10647},
	publisher = {{arXiv}},
	author = {Koch, Daniel and Patel, Saahil and Wessing, Laura and Alsing, Paul M.},
	urldate = {2024-04-16},
	date = {2020-08-24},
	eprinttype = {arxiv},
	eprint = {2008.10647 [quant-ph]},
}

@article{tazi_folded_2024,
	title = {Folded Spectrum {VQE} : A quantum computing method for the calculation of molecular excited states},
	volume = {20},
	issn = {1549-9618, 1549-9626},
	url = {http://arxiv.org/abs/2305.04783},
	doi = {10.1021/acs.jctc.3c01378},
	shorttitle = {Folded Spectrum {VQE}},
	pages = {2491--2504},
	number = {6},
	journaltitle = {Journal of Chemical Theory and Computation},
	shortjournal = {J. Chem. Theory Comput.},
	author = {Tazi, Lila Cadi and Thom, Alex J. W.},
	urldate = {2024-04-30},
	date = {2024-03-26},
	eprinttype = {arxiv},
	eprint = {2305.04783 [physics, physics:quant-ph]},
}

@article{mcclean_theory_2016,
	title = {The theory of variational hybrid quantum-classical algorithms},
	volume = {18},
	issn = {1367-2630},
	url = {https://dx.doi.org/10.1088/1367-2630/18/2/023023},
	doi = {10.1088/1367-2630/18/2/023023},
	pages = {023023},
	number = {2},
	journaltitle = {New Journal of Physics},
	shortjournal = {New J. Phys.},
	author = {{McClean}, Jarrod R. and Romero, Jonathan and Babbush, Ryan and Aspuru-Guzik, Alán},
	urldate = {2024-05-01},
	date = {2016-02},
	langid = {english},
	note = {Publisher: {IOP} Publishing},
}

@article{peruzzo_variational_2014,
	title = {A variational eigenvalue solver on a photonic quantum processor},
	volume = {5},
	rights = {2014 The Author(s)},
	issn = {2041-1723},
	url = {https://www.nature.com/articles/ncomms5213},
	doi = {10.1038/ncomms5213},
	pages = {4213},
	number = {1},
	journaltitle = {Nature Communications},
	shortjournal = {Nat Commun},
	author = {Peruzzo, Alberto and {McClean}, Jarrod and Shadbolt, Peter and Yung, Man-Hong and Zhou, Xiao-Qi and Love, Peter J. and Aspuru-Guzik, Alán and O’Brien, Jeremy L.},
	urldate = {2024-05-01},
	date = {2014-07-23},
	langid = {english},
	note = {Publisher: Nature Publishing Group},
}

@article{feynman_simulating_1982,
	title = {Simulating physics with computers},
	volume = {21},
	issn = {1572-9575},
	url = {https://doi.org/10.1007/BF02650179},
	doi = {10.1007/BF02650179},
	pages = {467--488},
	number = {6},
	journaltitle = {International Journal of Theoretical Physics},
	shortjournal = {Int J Theor Phys},
	author = {Feynman, Richard P.},
	urldate = {2024-05-01},
	date = {1982-06-01},
	langid = {english},
}

@article{cerezo_variational_2021,
	title = {Variational Quantum Algorithms},
	volume = {3},
	issn = {2522-5820},
	url = {http://arxiv.org/abs/2012.09265},
	doi = {10.1038/s42254-021-00348-9},
	pages = {625--644},
	number = {9},
	journaltitle = {Nature Reviews Physics},
	shortjournal = {Nat Rev Phys},
	author = {Cerezo, M. and Arrasmith, Andrew and Babbush, Ryan and Benjamin, Simon C. and Endo, Suguru and Fujii, Keisuke and {McClean}, Jarrod R. and Mitarai, Kosuke and Yuan, Xiao and Cincio, Lukasz and Coles, Patrick J.},
	urldate = {2024-05-02},
	date = {2021-08-12},
	eprinttype = {arxiv},
	eprint = {2012.09265 [quant-ph, stat]},
}

@book{qiskitextbook2023,   
    author = {various authors},   
    year = {2023},   
    title = {Qiskit Textbook},   
    publisher = {Github},   
    url = {https://github.com/Qiskit/textbook}, 
}

@misc{gatesIMG,   
    author = {Rxtreme},     
    title = {Quantum Logic Gates},   
    publisher = {Wikimedia Commons},   
    url = {https://upload.wikimedia.org/wikipedia/commons/e/e0/Quantum_Logic_Gates.png}, 
}

@book{liu2014three,
  title={The Three-Body Problem},
  author={Liu, C. and Liu, K.},
  isbn={9780765377067},
  url={https://books.google.cz/books?id=QxbFBAAAQBAJ},
  year={2014},
  publisher={Tor Publishing Group}
}

@article{kitaev_quantum_1995,
	title = {Quantum measurements and the Abelian Stabilizer Problem},
	url = {http://arxiv.org/abs/quant-ph/9511026},
	doi = {10.48550/arXiv.quant-ph/9511026},
	number = {{arXiv}:quant-ph/9511026},
	publisher = {{arXiv}},
	author = {Kitaev, A. Yu},
	urldate = {2024-07-08},
	date = {1995-11-20},
	eprinttype = {arxiv},
	eprint = {quant-ph/9511026},
}

@article{mohammadbagherpoor_improved_2019,
	title = {An Improved Implementation Approach for Quantum Phase Estimation on Quantum Computers},
	url = {http://arxiv.org/abs/1910.11696},
	doi = {10.48550/arXiv.1910.11696},
	number = {{arXiv}:1910.11696},
	publisher = {{arXiv}},
	author = {Mohammadbagherpoor, Hamed and Oh, Young-Hyun and Dreher, Patrick and Singh, Anand and Yu, Xianqing and Rindos, Andy J.},
	urldate = {2024-07-08},
	date = {2019-10-23},
	eprinttype = {arxiv},
	eprint = {1910.11696 [quant-ph]},
}

@article{jordan_uber_1928,
	title = {Über das Paulische Äquivalenzverbot},
	volume = {47},
	issn = {0044-3328},
	url = {https://doi.org/10.1007/BF01331938},
	doi = {10.1007/BF01331938},
	pages = {631--651},
	number = {9},
	journaltitle = {Zeitschrift für Physik},
	shortjournal = {Z. Physik},
	author = {Jordan, P. and Wigner, E.},
	urldate = {2024-07-10},
	date = {1928-09-01},
	langid = {german},
}


@article{bravyi_fermionic_2002,
	title = {Fermionic quantum computation},
	volume = {298},
	issn = {00034916},
	url = {http://arxiv.org/abs/quant-ph/0003137},
	doi = {10.1006/aphy.2002.6254},
	pages = {210--226},
	number = {1},
	journaltitle = {Annals of Physics},
	shortjournal = {Annals of Physics},
	author = {Bravyi, Sergey and Kitaev, Alexei},
	urldate = {2024-07-10},
	date = {2002-05},
	eprinttype = {arxiv},
	eprint = {quant-ph/0003137},
}

@article{huggins_efficient_2021,
	title = {Efficient and noise resilient measurements for quantum chemistry on near-term quantum computers},
	volume = {7},
	rights = {2021 The Author(s)},
	issn = {2056-6387},
	url = {https://www.nature.com/articles/s41534-020-00341-7},
	doi = {10.1038/s41534-020-00341-7},
	pages = {1--9},
	number = {1},
	journaltitle = {npj Quantum Information},
	shortjournal = {npj Quantum Inf},
	author = {Huggins, William J. and {McClean}, Jarrod R. and Rubin, Nicholas C. and Jiang, Zhang and Wiebe, Nathan and Whaley, K. Birgitta and Babbush, Ryan},
	urldate = {2024-07-10},
	date = {2021-02-05},
	langid = {english},
	note = {Publisher: Nature Publishing Group},
}

@article{hamamura_efficient_2020,
	title = {Efficient evaluation of quantum observables using entangled measurements},
	volume = {6},
	rights = {2020 The Author(s)},
	issn = {2056-6387},
	url = {https://www.nature.com/articles/s41534-020-0284-2},
	doi = {10.1038/s41534-020-0284-2},
	pages = {1--8},
	number = {1},
	journaltitle = {npj Quantum Information},
	shortjournal = {npj Quantum Inf},
	author = {Hamamura, Ikko and Imamichi, Takashi},
	urldate = {2024-07-10},
	date = {2020-06-19},
	langid = {english},
	note = {Publisher: Nature Publishing Group},
}

@misc{gokhale_minimizing_2019,
	title = {Minimizing State Preparations in Variational Quantum Eigensolver by Partitioning into Commuting Families},
	url = {http://arxiv.org/abs/1907.13623},
	doi = {10.48550/arXiv.1907.13623},
	number = {{arXiv}:1907.13623},
	publisher = {{arXiv}},
	author = {Gokhale, Pranav and Angiuli, Olivia and Ding, Yongshan and Gui, Kaiwen and Tomesh, Teague and Suchara, Martin and Martonosi, Margaret and Chong, Frederic T.},
	urldate = {2024-07-10},
	date = {2019-07-31},
	eprinttype = {arxiv},
	eprint = {1907.13623 [quant-ph]},
	note = {version: 1},
}

@article{gokhale_on3_2019,
	title = {\$O(N{\textasciicircum}3)\$ Measurement Cost for Variational Quantum Eigensolver on Molecular Hamiltonians},
	url = {http://arxiv.org/abs/1908.11857},
	doi = {10.48550/arXiv.1908.11857},
	number = {{arXiv}:1908.11857},
	publisher = {{arXiv}},
	author = {Gokhale, Pranav and Chong, Frederic T.},
	urldate = {2024-05-06},
	date = {2019-08-30},
	eprinttype = {arxiv},
	eprint = {1908.11857 [quant-ph]},
}


@article{bonet-monroig_performance_2023,
	title = {Performance comparison of optimization methods on variational quantum algorithms},
	volume = {107},
	url = {https://link.aps.org/doi/10.1103/PhysRevA.107.032407},
	doi = {10.1103/PhysRevA.107.032407},
	pages = {032407},
	number = {3},
	journaltitle = {Physical Review A},
	shortjournal = {Phys. Rev. A},
	author = {Bonet-Monroig, Xavier and Wang, Hao and Vermetten, Diederick and Senjean, Bruno and Moussa, Charles and Bäck, Thomas and Dunjko, Vedran and O'Brien, Thomas E.},
	urldate = {2024-04-01},
	date = {2023-03-07},
	note = {Publisher: American Physical Society},
}


@article{nelder_simplex_1965,
	title = {A Simplex Method for Function Minimization},
	volume = {7},
	issn = {0010-4620},
	url = {https://doi.org/10.1093/comjnl/7.4.308},
	doi = {10.1093/comjnl/7.4.308},
	pages = {308--313},
	number = {4},
	journaltitle = {The Computer Journal},
	shortjournal = {The Computer Journal},
	author = {Nelder, J. A. and Mead, R.},
	urldate = {2024-07-10},
	date = {1965-01-01},
}

@misc{kingma_adam_2017,
	title = {Adam: A Method for Stochastic Optimization},
	url = {http://arxiv.org/abs/1412.6980},
	doi = {10.48550/arXiv.1412.6980},
	shorttitle = {Adam},
	number = {{arXiv}:1412.6980},
	publisher = {{arXiv}},
	author = {Kingma, Diederik P. and Ba, Jimmy},
	urldate = {2024-07-10},
	date = {2017-01-29},
	eprinttype = {arxiv},
	eprint = {1412.6980 [cs]},
	note = {version: 9},
	keywords = {Computer Science - Machine Learning},
}

@article{powell_efficient_1964,
	title = {An efficient method for finding the minimum of a function of several variables without calculating derivatives},
	volume = {7},
	issn = {0010-4620},
	url = {https://doi.org/10.1093/comjnl/7.2.155},
	doi = {10.1093/comjnl/7.2.155},
	pages = {155--162},
	number = {2},
	journaltitle = {The Computer Journal},
	shortjournal = {The Computer Journal},
	author = {Powell, M. J. D.},
	urldate = {2024-07-10},
	date = {1964-01-01},
}

@article{ostaszewski_structure_2021,
	title = {Structure optimization for parameterized quantum circuits},
	volume = {5},
	issn = {2521-327X},
	url = {http://arxiv.org/abs/1905.09692},
	doi = {10.22331/q-2021-01-28-391},
	pages = {391},
	journaltitle = {Quantum},
	shortjournal = {Quantum},
	author = {Ostaszewski, Mateusz and Grant, Edward and Benedetti, Marcello},
	urldate = {2024-07-10},
	date = {2021-01-28},
	eprinttype = {arxiv},
	eprint = {1905.09692 [quant-ph]},
}

@book{shankar_principles_1994,
	location = {New York, {NY}},
	title = {Principles of Quantum Mechanics},
	rights = {https://www.springernature.com/gp/researchers/text-and-data-mining},
	isbn = {978-1-4757-0578-2},
	url = {https://link.springer.com/10.1007/978-1-4757-0576-8},
	publisher = {Springer {US}},
	author = {Shankar, R.},
	urldate = {2024-07-11},
	date = {1994},
	langid = {english},
	doi = {10.1007/978-1-4757-0576-8},
}

@article{born_zur_1927,
	title = {Zur Quantentheorie der Molekeln},
	volume = {389},
	rights = {Copyright © 1927 {WILEY}-{VCH} Verlag {GmbH} \& Co. {KGaA}, Weinheim},
	issn = {1521-3889},
	url = {https://onlinelibrary.wiley.com/doi/abs/10.1002/andp.19273892002},
	doi = {10.1002/andp.19273892002},
	pages = {457--484},
	number = {20},
	journaltitle = {Annalen der Physik},
	author = {Born, M. and Oppenheimer, R.},
	urldate = {2024-07-12},
	date = {1927},
	langid = {english},
	note = {\_eprint: https://onlinelibrary.wiley.com/doi/pdf/10.1002/andp.19273892002},
}

@misc{bhoy_shell-model_2024,
	title = {Shell-model study of \${\textasciicircum}\{58\}\$Ni using quantum computing algorithm},
	url = {http://arxiv.org/abs/2402.15577},
	doi = {10.48550/arXiv.2402.15577},
	number = {{arXiv}:2402.15577},
	publisher = {{arXiv}},
	author = {Bhoy, Bharti and Stevenson, Paul},
	urldate = {2024-07-12},
	date = {2024-02-29},
	eprinttype = {arxiv},
	eprint = {2402.15577 [nucl-th]},
	note = {version: 2},
}

@article{kiss_quantum_2022,
	title = {Quantum computing of the \${\textasciicircum}6\$Li nucleus via ordered unitary coupled clusters},
	volume = {106},
	issn = {2469-9985, 2469-9993},
	url = {http://arxiv.org/abs/2205.00864},
	doi = {10.1103/PhysRevC.106.034325},
	pages = {034325},
	number = {3},
	journaltitle = {Physical Review C},
	shortjournal = {Phys. Rev. C},
	author = {Kiss, Oriel and Grossi, Michele and Lougovski, Pavel and Sanchez, Federico and Vallecorsa, Sofia and Papenbrock, Thomas},
	urldate = {2024-07-12},
	date = {2022-09-29},
	eprinttype = {arxiv},
	eprint = {2205.00864 [nucl-th]},
}

@article{sim_expressibility_2019,
	title = {Expressibility and entangling capability of parameterized quantum circuits for hybrid quantum-classical algorithms},
	volume = {2},
	issn = {2511-9044, 2511-9044},
	url = {http://arxiv.org/abs/1905.10876},
	doi = {10.1002/qute.201900070},
	pages = {1900070},
	number = {12},
	journaltitle = {Advanced Quantum Technologies},
	shortjournal = {Adv Quantum Tech},
	author = {Sim, Sukin and Johnson, Peter D. and Aspuru-Guzik, Alan},
	urldate = {2024-07-12},
	date = {2019-12},
	eprinttype = {arxiv},
	eprint = {1905.10876 [quant-ph]},
}

@article{zhang_permanent_2022,
	title = {Permanent variational wave functions for bosons},
	volume = {599},
	issn = {03784371},
	url = {http://arxiv.org/abs/2106.14679},
	doi = {10.1016/j.physa.2022.127399},
	pages = {127399},
	journaltitle = {Physica A: Statistical Mechanics and its Applications},
	shortjournal = {Physica A: Statistical Mechanics and its Applications},
	author = {Zhang, J. M. and Song, H. F. and Liu, Y.},
	urldate = {2024-07-12},
	date = {2022-08},
	eprinttype = {arxiv},
	eprint = {2106.14679 [cond-mat]},
}

@book{altland_condensed_2010,
	location = {Cambridge},
	edition = {2},
	title = {Condensed Matter Field Theory},
	url = {https://www.cambridge.org/core/books/condensed-matter-field-theory/0A8DE6503ED868D96985D9E7847C63FF},
	publisher = {Cambridge University Press},
	author = {Altland, Alexander and Simons, Ben D.},
	urldate = {2024-05-03},
	date = {2010},
	doi = {10.1017/CBO9780511789984},
}

@article{abrams_simulation_1997,
	title = {Simulation of Many-Body Fermi Systems on a Universal Quantum Computer},
	volume = {79},
	url = {https://link.aps.org/doi/10.1103/PhysRevLett.79.2586},
	doi = {10.1103/PhysRevLett.79.2586},
	pages = {2586--2589},
	number = {13},
	journaltitle = {Physical Review Letters},
	shortjournal = {Phys. Rev. Lett.},
	author = {Abrams, Daniel S. and Lloyd, Seth},
	urldate = {2024-07-12},
	date = {1997-09-29},
	note = {Publisher: American Physical Society},
}

@article{mcardle_quantum_2020,
	title = {Quantum computational chemistry},
	volume = {92},
	url = {https://link.aps.org/doi/10.1103/RevModPhys.92.015003},
	doi = {10.1103/RevModPhys.92.015003},
	pages = {015003},
	number = {1},
	journaltitle = {Reviews of Modern Physics},
	shortjournal = {Rev. Mod. Phys.},
	author = {{McArdle}, Sam and Endo, Suguru and Aspuru-Guzik, Alán and Benjamin, Simon C. and Yuan, Xiao},
	urldate = {2024-07-12},
	date = {2020-03-30},
	note = {Publisher: American Physical Society},
}

@article{setia_reducing_2020,
	title = {Reducing Qubit Requirements for Quantum Simulations Using Molecular Point Group Symmetries},
	volume = {16},
	issn = {1549-9618},
	url = {https://doi.org/10.1021/acs.jctc.0c00113},
	doi = {10.1021/acs.jctc.0c00113},
	pages = {6091--6097},
	number = {10},
	journaltitle = {Journal of Chemical Theory and Computation},
	shortjournal = {J. Chem. Theory Comput.},
	author = {Setia, Kanav and Chen, Richard and Rice, Julia E. and Mezzacapo, Antonio and Pistoia, Marco and Whitfield, James D.},
	urldate = {2024-07-14},
	date = {2020-10-13},
	note = {Publisher: American Chemical Society},
}

@article{moll_optimizing_2016,
	title = {Optimizing qubit resources for quantum chemistry simulations in second quantization on a quantum computer},
	volume = {49},
	issn = {1751-8121},
	url = {https://dx.doi.org/10.1088/1751-8113/49/29/295301},
	doi = {10.1088/1751-8113/49/29/295301},
	pages = {295301},
	number = {29},
	journaltitle = {Journal of Physics A: Mathematical and Theoretical},
	shortjournal = {J. Phys. A: Math. Theor.},
	author = {Moll, Nikolaj and Fuhrer, Andreas and Staar, Peter and Tavernelli, Ivano},
	urldate = {2024-07-14},
	date = {2016-06},
	langid = {english},
	note = {Publisher: {IOP} Publishing},
}

@article{macdonald_successive_1933,
	title = {Successive Approximations by the Rayleigh-Ritz Variation Method},
	volume = {43},
	url = {https://link.aps.org/doi/10.1103/PhysRev.43.830},
	doi = {10.1103/PhysRev.43.830},
	pages = {830--833},
	number = {10},
	journaltitle = {Physical Review},
	shortjournal = {Phys. Rev.},
	author = {{MacDonald}, J. K. L.},
	urldate = {2024-07-14},
	date = {1933-05-15},
	note = {Publisher: American Physical Society},
}

@article{hylleraas_numerische_1930,
	title = {Numerische Berechnung der 2S-Terme von Ortho- und Par-Helium},
	volume = {65},
	issn = {0044-3328},
	url = {https://doi.org/10.1007/BF01397263},
	doi = {10.1007/BF01397263},
	pages = {759--772},
	number = {11},
	journaltitle = {Zeitschrift für Physik},
	shortjournal = {Z. Physik},
	author = {Hylleraas, Egil A. and Undheim, Bjarne},
	urldate = {2024-07-14},
	date = {1930-11-01},
	langid = {german},
}

@article{seeley_bravyi-kitaev_2012,
	title = {The Bravyi-Kitaev transformation for quantum computation of electronic structure},
	volume = {137},
	issn = {0021-9606},
	url = {https://doi.org/10.1063/1.4768229},
	doi = {10.1063/1.4768229},
	pages = {224109},
	number = {22},
	journaltitle = {The Journal of Chemical Physics},
	shortjournal = {The Journal of Chemical Physics},
	author = {Seeley, Jacob T. and Richard, Martin J. and Love, Peter J.},
	urldate = {2024-07-16},
	date = {2012-12-12},
}

@book{modra_smrt,
author={Blank,Jiří and Exner,Pavel and Havlíček,Miloslav},
year={1993},
title={Lineární operátory v kvantové fyzice},
publisher={Univerzita Karlova},
address={Praha},
isbn={9788070665862},
language={Czech},

}

@misc{bandyopadhyay_new_2001,
	title = {A new proof for the existence of mutually unbiased bases},
	url = {http://arxiv.org/abs/quant-ph/0103162},
	doi = {10.48550/arXiv.quant-ph/0103162},
	number = {{arXiv}:quant-ph/0103162},
	publisher = {{arXiv}},
	author = {Bandyopadhyay, Somshubhro and Boykin, P. Oscar and Roychowdhury, Vwani and Vatan, Farrokh},
	urldate = {2024-07-21},
	date = {2001-09-07},
	eprinttype = {arxiv},
	eprint = {quant-ph/0103162},
	keywords = {Quantum Physics},
}

@misc{jena_pauli_2019,
	title = {Pauli Partitioning with Respect to Gate Sets},
	url = {http://arxiv.org/abs/1907.07859},
	doi = {10.48550/arXiv.1907.07859},
	number = {{arXiv}:1907.07859},
	publisher = {{arXiv}},
	author = {Jena, Andrew and Genin, Scott and Mosca, Michele},
	urldate = {2024-07-21},
	date = {2019-07-17},
	eprinttype = {arxiv},
	eprint = {1907.07859 [quant-ph]},
}

@article{verteletskyi_measurement_2020,
	title = {Measurement Optimization in the Variational Quantum Eigensolver Using a Minimum Clique Cover},
	volume = {152},
	issn = {0021-9606, 1089-7690},
	url = {http://arxiv.org/abs/1907.03358},
	doi = {10.1063/1.5141458},
	pages = {124114},
	number = {12},
	journaltitle = {The Journal of Chemical Physics},
	author = {Verteletskyi, Vladyslav and Yen, Tzu-Ching and Izmaylov, Artur F.},
	urldate = {2024-07-21},
	date = {2020-03-31},
	eprinttype = {arxiv},
	eprint = {1907.03358 [physics, physics:quant-ph]},
}

@misc{yen_measuring_2020,
	title = {Measuring all compatible operators in one series of a single-qubit measurements using unitary transformations},
	url = {http://arxiv.org/abs/1907.09386},
	doi = {10.48550/arXiv.1907.09386},
	number = {{arXiv}:1907.09386},
	publisher = {{arXiv}},
	author = {Yen, Tzu-Ching and Verteletskyi, Vladyslav and Izmaylov, Artur F.},
	urldate = {2024-07-21},
	date = {2020-03-13},
	eprinttype = {arxiv},
	eprint = {1907.09386 [physics, physics:quant-ph]},
}

@misc{izmaylov_unitary_2019,
	title = {Unitary partitioning approach to the measurement problem in the Variational Quantum Eigensolver method},
	url = {http://arxiv.org/abs/1907.09040},
	doi = {10.48550/arXiv.1907.09040},
	number = {{arXiv}:1907.09040},
	publisher = {{arXiv}},
	author = {Izmaylov, Artur F. and Yen, Tzu-Ching and Lang, Robert A. and Verteletskyi, Vladyslav},
	urldate = {2024-07-21},
	date = {2019-10-18},
	eprinttype = {arxiv},
	eprint = {1907.09040 [physics, physics:quant-ph]},
}

@online{qubitguide,
  author = {Ekert, A and Hosgood, T and Kay, A and Macchiavello, C},
  title = {{Introduction to Quantum Information Science}},
  url = {https://qubit.guide},
  date = {2024-05-30}
}

@online{kubale_graph_2004,
	title = {Graph Colorings},
	url = {https://www.ams.org/conm/352/},
	abstract = {Advancing research. Creating connections.},
	titleaddon = {American Mathematical Society},
	author = {Kubale, Marek},
	urldate = {2024-07-21},
	date = {2004},
	langid = {english},
	doi = {10.1090/conm/352},
	note = {{ISBN}: 9780821834589 9780821856871 9780821879429
{ISSN}: 1098-3627, 0271-4132
Publisher: American Mathematical Society
Series: Contemporary Mathematics
Volume: 352},
}

@article{anand_quantum_2022,
	title = {A Quantum Computing View on Unitary Coupled Cluster Theory},
	volume = {51},
	issn = {0306-0012, 1460-4744},
	url = {http://arxiv.org/abs/2109.15176},
	doi = {10.1039/D1CS00932J},
	pages = {1659--1684},
	number = {5},
	journaltitle = {Chemical Society Reviews},
	shortjournal = {Chem. Soc. Rev.},
	author = {Anand, Abhinav and Schleich, Philipp and Alperin-Lea, Sumner and Jensen, Phillip W. K. and Sim, Sukin and Díaz-Tinoco, Manuel and Kottmann, Jakob S. and Degroote, Matthias and Izmaylov, Artur F. and Aspuru-Guzik, Alán},
	urldate = {2024-07-23},
	date = {2022},
	eprinttype = {arxiv},
	eprint = {2109.15176 [physics, physics:quant-ph]},
}

@article{cizek_correlation_1966,
	title = {On the Correlation Problem in Atomic and Molecular Systems. Calculation of Wavefunction Components in Ursell‐Type Expansion Using Quantum‐Field Theoretical Methods},
	volume = {45},
	issn = {0021-9606},
	url = {https://doi.org/10.1063/1.1727484},
	doi = {10.1063/1.1727484},
	pages = {4256--4266},
	number = {11},
	journaltitle = {The Journal of Chemical Physics},
	shortjournal = {The Journal of Chemical Physics},
	author = {Čížek, Jiří},
	urldate = {2024-07-23},
	date = {1966-12-01},
}

@article{aaronson_improved_2004,
	title = {Improved Simulation of Stabilizer Circuits},
	volume = {70},
	issn = {1050-2947, 1094-1622},
	url = {http://arxiv.org/abs/quant-ph/0406196},
	doi = {10.1103/PhysRevA.70.052328},
	pages = {052328},
	number = {5},
	journaltitle = {Physical Review A},
	shortjournal = {Phys. Rev. A},
	author = {Aaronson, Scott and Gottesman, Daniel},
	urldate = {2024-07-23},
	date = {2004-11-30},
	eprinttype = {arxiv},
	eprint = {quant-ph/0406196},
	keywords = {Computer Science - Computational Complexity, Quantum Physics}
}


@misc{ruder_overview_2017,
	title = {An overview of gradient descent optimization algorithms},
	url = {http://arxiv.org/abs/1609.04747},
	doi = {10.48550/arXiv.1609.04747},
	number = {{arXiv}:1609.04747},
	publisher = {{arXiv}},
	author = {Ruder, Sebastian},
	urldate = {2024-07-24},
	date = {2017-06-15},
	eprinttype = {arxiv},
	eprint = {1609.04747 [cs]}
}

@online{dowad_visualizing_nodate,
	title = {Visualizing Nelder-Mead Optimization {\textbar} Alex Dowad Computes},
        author = {Dowad, Alex},
	url = {https://alexdowad.github.io/visualizing-nelder-mead/},
	urldate = {2024-07-24}
}

@article{mcclean_barren_2018,
	title = {Barren plateaus in quantum neural network training landscapes},
	volume = {9},
	rights = {2018 The Author(s)},
	issn = {2041-1723},
	url = {https://www.nature.com/articles/s41467-018-07090-4},
	doi = {10.1038/s41467-018-07090-4},
	pages = {4812},
	number = {1},
	journaltitle = {Nature Communications},
	shortjournal = {Nat Commun},
	author = {{McClean}, Jarrod R. and Boixo, Sergio and Smelyanskiy, Vadim N. and Babbush, Ryan and Neven, Hartmut},
	urldate = {2024-07-24},
	date = {2018-11-16},
	langid = {english},
	note = {Publisher: Nature Publishing Group}
}

@article{holmes_connecting_2022,
	title = {Connecting ansatz expressibility to gradient magnitudes and barren plateaus},
	volume = {3},
	issn = {2691-3399},
	url = {http://arxiv.org/abs/2101.02138},
	doi = {10.1103/PRXQuantum.3.010313},
	pages = {010313},
	number = {1},
	journaltitle = {{PRX} Quantum},
	shortjournal = {{PRX} Quantum},
	author = {Holmes, Zoë and Sharma, Kunal and Cerezo, M. and Coles, Patrick J.},
	urldate = {2024-07-24},
	date = {2022-01-24},
	eprinttype = {arxiv},
	eprint = {2101.02138 [quant-ph, stat]}
}

@misc{haug_optimal_2021,
	title = {Optimal training of variational quantum algorithms without barren plateaus},
	url = {http://arxiv.org/abs/2104.14543},
	doi = {10.48550/arXiv.2104.14543},
	number = {{arXiv}:2104.14543},
	publisher = {{arXiv}},
	author = {Haug, Tobias and Kim, M. S.},
	urldate = {2024-07-24},
	date = {2021-06-23},
	eprinttype = {arxiv},
	eprint = {2104.14543 [quant-ph, stat]}
}

@article{yordanov_efficient_2020,
	title = {Efficient quantum circuits for quantum computational chemistry},
	volume = {102},
	url = {https://link.aps.org/doi/10.1103/PhysRevA.102.062612},
	doi = {10.1103/PhysRevA.102.062612},
	pages = {062612},
	number = {6},
	journaltitle = {Phys. Rev. A},
	author = {Yordanov, Yordan S. and Arvidsson-Shukur, David R. M. and Barnes, Crispin H. W.},
	urldate = {2024-07-24},
	date = {2020-12-21},
	note = {Publisher: American Physical Society},
}

@misc{mansky_decomposition_2023,
	title = {Decomposition Algorithm of an Arbitrary Pauli Exponential through a Quantum Circuit},
	url = {http://arxiv.org/abs/2305.04807},
	doi = {10.48550/arXiv.2305.04807},
	number = {{arXiv}:2305.04807},
	publisher = {{arXiv}},
	author = {Mansky, Maximilian Balthasar and Puigvert, Victor Ramos and Castillo, Santiago Londoño and Linnhoff-Popien, Claudia},
	urldate = {2024-07-24},
	date = {2023-05-08},
	eprinttype = {arxiv},
	eprint = {2305.04807 [quant-ph]},
	keywords = {Quantum Physics}
}

@Inbook{Powell_cobyla,
author="Powell, M. J. D.",
editor="Gomez, Susana
and Hennart, Jean-Pierre",
title="A Direct Search Optimization Method That Models the Objective and Constraint Functions by Linear Interpolation",
bookTitle="Advances in Optimization and Numerical Analysis",
year="1994",
publisher="Springer Netherlands",
address="Dordrecht",
pages="51--67",
isbn="978-94-015-8330-5",
doi="10.1007/978-94-015-8330-5_4",
url="https://doi.org/10.1007/978-94-015-8330-5_4"
}

@article{pellow-jarman_comparison_2021,
	title = {A comparison of various classical optimizers for a variational quantum linear solver},
	volume = {20},
	issn = {1573-1332},
	url = {https://doi.org/10.1007/s11128-021-03140-x},
	doi = {10.1007/s11128-021-03140-x},
	pages = {202},
	number = {6},
	journaltitle = {Quantum Inf Process},
	author = {Pellow-Jarman, Aidan and Sinayskiy, Ilya and Pillay, Anban and Petruccione, Francesco},
	urldate = {2024-07-26},
	date = {2021-06-04},
	langid = {english},
}

@article{mitarai_quantum_2018,
	title = {Quantum Circuit Learning},
	volume = {98},
	issn = {2469-9926, 2469-9934},
	url = {http://arxiv.org/abs/1803.00745},
	doi = {10.1103/PhysRevA.98.032309},
	pages = {032309},
	number = {3},
	journaltitle = {Phys. Rev. A},
	author = {Mitarai, Kosuke and Negoro, Makoto and Kitagawa, Masahiro and Fujii, Keisuke},
	urldate = {2024-07-26},
	date = {2018-09-10},
	eprinttype = {arxiv},
	eprint = {1803.00745 [quant-ph]}
}

@article{schuld_evaluating_2019,
	title = {Evaluating analytic gradients on quantum hardware},
	volume = {99},
	issn = {2469-9926, 2469-9934},
	url = {http://arxiv.org/abs/1811.11184},
	doi = {10.1103/PhysRevA.99.032331},
	pages = {032331},
	number = {3},
	journaltitle = {Phys. Rev. A},
	author = {Schuld, Maria and Bergholm, Ville and Gogolin, Christian and Izaac, Josh and Killoran, Nathan},
	urldate = {2024-07-26},
	date = {2019-03-21},
	eprinttype = {arxiv},
	eprint = {1811.11184 [quant-ph]}
}

@book{aggarwal_neural_2023,
	location = {Cham},
	title = {Neural Networks and Deep Learning: A Textbook},
	rights = {https://www.springernature.com/gp/researchers/text-and-data-mining},
	isbn = {978-3-031-29641-3},
	url = {https://link.springer.com/10.1007/978-3-031-29642-0},
	shorttitle = {Neural Networks and Deep Learning},
	publisher = {Springer International Publishing},
	author = {Aggarwal, Charu C.},
	urldate = {2024-07-26},
	date = {2023},
	langid = {english},
	doi = {10.1007/978-3-031-29642-0}
}

@article{CHENG201580,
title = {Ancestral population genomics using coalescence hidden Markov models and heuristic optimisation algorithms},
journal = {Computational Biology and Chemistry},
volume = {57},
pages = {80-92},
year = {2015},
note = {13th Asia Pacifi c Bioinformatics Conference, HsinChu, Taiwan, 21-23 January 2015},
issn = {1476-9271},
doi = {https://doi.org/10.1016/j.compbiolchem.2015.02.001},
url = {https://www.sciencedirect.com/science/article/pii/S1476927115000183},
author = {Jade Yu Cheng and Thomas Mailund},
}

@article{adagrad,
  author  = {John Duchi and Elad Hazan and Yoram Singer},
  title   = {Adaptive Subgradient Methods for Online Learning and Stochastic Optimization},
  journal = {Journal of Machine Learning Research},
  year    = {2011},
  volume  = {12},
  number  = {61},
  pages   = {2121--2159},
  url     = {http://jmlr.org/papers/v12/duchi11a.html}
}

@incollection{cauchy_analyse_2009,
	location = {Cambridge},
	title = {{ANALYSE} {MATHÉMATIQUE}. – Méthodc générale pour la résolution des systèmes d'équations simultanées},
	volume = {10},
	isbn = {978-1-108-00277-6},
	url = {https://www.cambridge.org/core/books/oeuvres-completes/analyse-mathematique-methodc-generale-pour-la-resolution-des-systemes-dequations-simultanees/74A15B57C79B65C956D558CFA8766693},
	series = {Cambridge Library Collection - Mathematics},
	pages = {399--402},
	booktitle = {Oeuvres complètes: Series 1},
	publisher = {Cambridge University Press},
	author = {Cauchy, Augustin-Louis},
	urldate = {2024-07-27},
	date = {2009},
	doi = {10.1017/CBO9780511702396.063},
}

@article{qian_momentum_1999,
	title = {On the momentum term in gradient descent learning algorithms},
	volume = {12},
	issn = {0893-6080},
	url = {https://www.sciencedirect.com/science/article/pii/S0893608098001166},
	doi = {10.1016/S0893-6080(98)00116-6},
	pages = {145--151},
	number = {1},
	journaltitle = {Neural Networks},
	author = {Qian, Ning},
	urldate = {2024-07-27},
	date = {1999-01-01},
}

@misc{zeiler2012adadeltaadaptivelearningrate,
      title={ADADELTA: An Adaptive Learning Rate Method}, 
      author={Matthew D. Zeiler},
      year={2012},
      eprint={1212.5701},
      archivePrefix={arXiv},
      primaryClass={cs.LG},
      url={https://arxiv.org/abs/1212.5701}, 
}

@article{kitaev_quantum_1997,
	title = {Quantum computations: algorithms and error correction},
	volume = {52},
	issn = {0036-0279},
	url = {https://iopscience.iop.org/article/10.1070/RM1997v052n06ABEH002155/meta},
	doi = {10.1070/RM1997v052n06ABEH002155},
	shorttitle = {Quantum computations},
	pages = {1191},
	number = {6},
	journaltitle = {Russ. Math. Surv.},
	author = {Kitaev, A. Yu},
	urldate = {2024-07-29},
	date = {1997-12-31},
	langid = {english},
	note = {Publisher: {IOP} Publishing},
}
